<record><leader>00000cas a22000007a 4500</leader><controlfield tag="001">14871759</controlfield><controlfield tag="008">861125d19541971iauwn ne      0    0eng d</controlfield><datafield ind1=" " ind2=" " tag="010"><subfield code="a">sn 86061180 </subfield></datafield><datafield ind1=" " ind2=" " tag="040"><subfield code="a">INP</subfield><subfield code="b">eng</subfield><subfield code="c">INP</subfield><subfield code="d">OCLCQ</subfield></datafield><datafield ind1=" " ind2=" " tag="042"><subfield code="a">msc</subfield></datafield><datafield ind1="0" ind2="4" tag="245"><subfield code="a">The Minburn booster.</subfield></datafield><datafield ind1=" " ind2=" " tag="260"><subfield code="a">Minburn, Iowa :</subfield><subfield code="b">Bernard and Evelyn Brokaw</subfield></datafield><datafield ind1=" " ind2=" " tag="300"><subfield code="a">v. :</subfield><subfield code="b">ill.</subfield></datafield><datafield ind1=" " ind2=" " tag="310"><subfield code="a">Weekly (except last two weeks in July, last week in Dec., and first week in Jan.)</subfield></datafield><datafield ind1=" " ind2=" " tag="321"><subfield code="a">Frequency varies</subfield></datafield><datafield ind1="1" ind2=" " tag="362"><subfield code="a">Issued Nov. 1954-Dec. 1971.</subfield></datafield><datafield ind1=" " ind2=" " tag="588"><subfield code="a">Description based on: Vol. 4, no. 9 (Jan. 1, 1958).</subfield></datafield><datafield ind1=" " ind2=" " tag="752"><subfield code="a">United States</subfield><subfield code="b">Iowa</subfield><subfield code="c">Dallas</subfield><subfield code="d">Minburn.</subfield></datafield><datafield ind1="0" ind2="4" tag="785"><subfield code="t">Dexfield review-sentinel</subfield><subfield code="w">(DLC)sn 87057190</subfield></datafield></record>